<?xml version="1.0" encoding="UTF-8"?>
<record xmlns="http://www.loc.gov/MARC21/slim">
   <leader>01146cam a2200241 a 4500</leader>
   <controlfield tag="001">862808</controlfield>
   <controlfield tag="003">NjP</controlfield>
   <controlfield tag="005">20170619131223.0</controlfield>
   <controlfield tag="008">940207s1886    ua            00  0 ara d</controlfield>
   <datafield tag="024" ind1="7" ind2=" ">
      <subfield code="a">princeton_aco004130</subfield>
      <subfield code="2">local</subfield>
   </datafield>
   <datafield ind1=" " ind2=" " tag="035">
      <subfield code="a">(OCoLC)29834748</subfield>
   </datafield>
   <datafield ind1=" " ind2=" " tag="035">
      <subfield code="a">(CStRLIN)NJPG94-B6875</subfield>
   </datafield>
   <datafield ind1=" " ind2=" " tag="035">
      <subfield code="9">CAY5105TS</subfield>
   </datafield>
   <datafield ind1=" " ind2=" " tag="040">
      <subfield code="a">NjP</subfield>
      <subfield code="c">NjP</subfield>
   </datafield>
   <datafield ind1="1" ind2=" " tag="100">
      <subfield code="a">Fattan⁻i, ʻAbd al-M⁻alik ibn ʻAbd al-Wahh⁻ab,</subfield>
      <subfield code="d">1839 or 40 - 1909 or 10</subfield>
   </datafield>
   <datafield ind1="1" ind2="0" tag="240">
      <subfield code="a">Maṭ⁻alib al-ḥiss⁻an f⁻i um⁻ur al-D⁻in wa-shaʻb al-⁻im⁻an</subfield>
   </datafield>
   <datafield ind1="1" ind2="3" tag="245">
      <subfield code="a">al-Ḥaw⁻ash⁻i al-jal⁻ilah ʻalá al-muqaddamah al-bad⁻iʻah al-jam⁻ilahal-musamm⁻ah bi-al-maṭ⁻alib al-ḥissan f⁻i um⁻ur al-D⁻in wa-shaʻb al-im⁻an /</subfield>
      <subfield code="c">kil⁻ahum⁻a taʾl⁻if al-Shaykh ʻAbd al-M⁻alik al-Fattan⁻i.</subfield>
   </datafield>
   <datafield ind1=" " ind2=" " tag="250">
      <subfield code="a">al-Ṭabʻah 1.</subfield>
   </datafield>
   <datafield ind1=" " ind2=" " tag="260">
      <subfield code="a">Miṣr :</subfield>
      <subfield code="b">Maṭbaʻah al-Kubrá al-M⁻ir⁻iyah,</subfield>
      <subfield code="c">1304 [1886 or 1887]</subfield>
   </datafield>
   <datafield ind1=" " ind2=" " tag="300">
      <subfield code="a">108 p. ;</subfield>
      <subfield code="c">28 cm.</subfield>
   </datafield>
   <datafield ind1=" " ind2="0" tag="650">
      <subfield code="a">Arabic language</subfield>
      <subfield code="x">Grammar.</subfield>
      <subfield code="0">http://id.loc.gov/authorities/subjects/sh86000279</subfield>
   </datafield>
   <datafield ind1="4" ind2=" " tag="856">
      <subfield code="u">http://hdl.handle.net/2027/njp.32101063974222</subfield>
   </datafield>
   <datafield ind1=" " ind2=" " tag="998">
      <subfield code="a">03/21/94</subfield>
      <subfield code="s">9114</subfield>
      <subfield code="n">NjP</subfield>
      <subfield code="w">NJPG94B6875</subfield>
      <subfield code="d">02/07/94</subfield>
      <subfield code="c">NHD</subfield>
      <subfield code="b">JAB</subfield>
      <subfield code="i">940321</subfield>
      <subfield code="l">NJPG</subfield>
   </datafield>
   <datafield ind1=" " ind2=" " tag="911">
      <subfield code="a">19940331</subfield>
   </datafield>
   <datafield ind1=" " ind2=" " tag="912">
      <subfield code="a">19940321000000.0</subfield>
   </datafield>
   <datafield ind1="8" ind2="0" tag="852">
      <subfield code="0">983820</subfield>
      <subfield code="b">rcppa</subfield>
      <subfield code="t">1</subfield>
      <subfield code="h">2269.35395.343 1886</subfield>
      <subfield code="x">tr fr anxa</subfield>
   </datafield>
   <datafield ind1="8" ind2=" " tag="852">
      <subfield code="0">8684912</subfield>
      <subfield code="b">elf1</subfield>
      <subfield code="h">Electronic Resource</subfield>
   </datafield>
   <datafield ind1=" " ind2=" " tag="959">
      <subfield code="a">2000-06-08 00:00:00 -0400</subfield>
   </datafield>
</record>
